@article{mrfwci2022,
  author ={Nitis Mukhopadhyay and Swathi Venkatesan},
  title ={A new formulation of minimum risk fixed-width confidence interval ({MRFWCI}) 
            estimation problems for a normal mean with illustrations and 
            simulations: Applications to air quality data},
  journal ={Sequential Analysis},
  volume ={41},
  number ={2},
  pages ={241-274},
  year ={2022}
}

@article{stein1945,
author = {Charles Stein},
title = {A Two-Sample Test for a Linear Hypothesis Whose Power is Independent of the Variance},
journal = {The Annals of Mathematical Statistics},
volume = {16},
number = {3},
pages = {243-258},
year = {1945}
}

@article{stein1949,
author = {Charles Stein},
title = {Some problems in sequential estimation},
journal = {Econometrica},
volume = {17},
number = {1},
pages = {77-78},
year = {1949}
}


@article{anscombe1952,
  author={Francis J Anscombe},
  title={Large-sample theory of sequential estimation},
  journal={Mathematical Proceedings of the Cambridge Philosophical Society},
  volume={48},
  number={4},
  pages={600-607},
  year={1952}
}

@article{anscombe1953,
  author={Francis J Anscombe},
  title={Sequential estimation},
  journal={Journal of the Royal Statistical Society: Series B (Methodological)},
  volume={15},
  number={1},
  pages={1-21},
  year={1953}
}



@article{dantzig1940,
  author={George B Dantzig},
  title={On the non-existence of tests of "{S}tudent's" hypothesis having power functions independent of $\sigma$},
  journal={The Annals of Mathematical Statistics},
  volume={11},
  number={2},
  pages={186-192},
  year={1940}
}

@article{chow1965,
  author={Yuan S Chow and Herbert Robbins},
  title={On the asymptotic theory of fixed-width sequential confidence intervals for the mean},
  journal={The Annals of Mathematical Statistics},
  volume={36},
  number={2},
  pages={457-462},
  year={1965}
}

@article{ray1957,
  author={W.D. Ray},
  title={Sequential confidence intervals for the mean of a normal population with unknown variance},
  journal={Journal of the Royal Statistical Society: Series B (Methodological)},
  volume={19},
  number={1},
  pages={133-143},
  year={1957}
}