@article{mrfwci2022,
  author =       "Nitis Mukhopadhyay and Swathi Venkatesan",
  title =        "A new formulation of minimum risk fixed-width confidence interval (MRFWCI) estimation problems for a normal mean with illustrations and simulations: Applications to air quality data",
  journal =      "Sequential Analysis",
  volume =       "41",
  number =       "2",
  pages =        "241-274",
  year =         "2022",
  DOI =          "10.1080/07474946.2022.2070214"
}

@article{stein1945,
author = {Charles Stein},
title = {{A Two-Sample Test for a Linear Hypothesis Whose Power is Independent of the Variance}},
volume = {16},
journal = {The Annals of Mathematical Statistics},
number = {3},
publisher = {Institute of Mathematical Statistics},
pages = {243 -- 258},
year = {1945},
doi = {10.1214/aoms/1177731088},
URL = {https://doi.org/10.1214/aoms/1177731088}
}

@article{stein1949,
  title={Some problems in sequential estimation},
  author = {Charles Stein},
  journal={Econometrica},
  volume={17},
  number={1},
  pages={77--78},
  year={1949}
}

@article{anscombe1952,
  title={Large-sample theory of sequential estimation},
  author={Anscombe, Francis J},
  booktitle={Mathematical Proceedings of the Cambridge Philosophical Society},
  volume={48},
  number={4},
  pages={600--607},
  year={1952},
  organization={Cambridge University Press}
}

@article{anscombe1953,
  title={Sequential estimation},
  author={Anscombe, Francis J},
  journal={Journal of the Royal Statistical Society: Series B (Methodological)},
  volume={15},
  number={1},
  pages={1--21},
  year={1953},
  publisher={Wiley Online Library}
}

@article{dantzig1940,
  title={On the non-existence of tests of" Student's" hypothesis having power functions independent of $\sigma$},
  author={Dantzig, George B},
  journal={The Annals of Mathematical Statistics},
  volume={11},
  number={2},
  pages={186--192},
  year={1940},
  publisher={JSTOR}
}

@article{chow1965,
  title={On the asymptotic theory of fixed-width sequential confidence intervals for the mean},
  author={Chow, Yuan S and Robbins, Herbert},
  journal={The Annals of Mathematical Statistics},
  volume={36},
  number={2},
  pages={457--462},
  year={1965},
  publisher={JSTOR}
}

@article{ray1957,
  title={Sequential confidence intervals for the mean of a normal population with unknown variance},
  author={Ray, WD},
  journal={Journal of the Royal Statistical Society: Series B (Methodological)},
  volume={19},
  number={1},
  pages={133--143},
  year={1957},
  publisher={Wiley Online Library}
}